<record><leader>00000cas a22000007a 4500</leader><controlfield tag="001">15651883</controlfield><controlfield tag="008">870508c19319999couwr ne      0    0eng d</controlfield><datafield ind1=" " ind2=" " tag="010"><subfield code="a">sn 91052057 </subfield></datafield><datafield ind1=" " ind2=" " tag="040"><subfield code="a">DPL</subfield><subfield code="b">eng</subfield><subfield code="c">DPL</subfield><subfield code="d">CNQ</subfield><subfield code="d">OCLCQ</subfield><subfield code="d">OCLCF</subfield><subfield code="d">OCLCO</subfield></datafield><datafield ind1="1" ind2=" " tag="029"><subfield code="a">AU@</subfield><subfield code="b">000025862048</subfield></datafield><datafield ind1="1" ind2=" " tag="029"><subfield code="a">NZ1</subfield><subfield code="b">16076334</subfield></datafield><datafield ind1=" " ind2=" " tag="042"><subfield code="a">msc</subfield></datafield><datafield ind1=" " ind2=" " tag="043"><subfield code="a">n-us-co</subfield></datafield><datafield ind1="0" ind2="4" tag="245"><subfield code="a">The Burlington record.</subfield></datafield><datafield ind1=" " ind2=" " tag="260"><subfield code="a">Burlington, Colo. :</subfield><subfield code="b">A.W. Hudler and John Hudler</subfield></datafield><datafield ind1=" " ind2=" " tag="300"><subfield code="a">v.</subfield></datafield><datafield ind1=" " ind2=" " tag="310"><subfield code="a">Weekly</subfield></datafield><datafield ind1="1" ind2=" " tag="362"><subfield code="a">Began in 1931?</subfield></datafield><datafield ind1=" " ind2=" " tag="588"><subfield code="a">Description based on: 56th year, no. 36 (Mar. 2, 1944).</subfield></datafield><datafield ind1=" " ind2="0" tag="651"><subfield code="a">Burlington (Colo.)</subfield><subfield code="v">Newspapers.</subfield></datafield><datafield ind1=" " ind2="0" tag="651"><subfield code="a">Kit Carson County (Colo.)</subfield><subfield code="v">Newspapers.</subfield></datafield><datafield ind1=" " ind2="7" tag="655"><subfield code="a">Newspapers.</subfield><subfield code="2">fast</subfield><subfield code="0">(OCoLC)fst01423814</subfield></datafield><datafield ind1=" " ind2="7" tag="651"><subfield code="a">Colorado</subfield><subfield code="z">Burlington.</subfield><subfield code="2">fast</subfield><subfield code="0">(OCoLC)fst01216564</subfield></datafield><datafield ind1=" " ind2="7" tag="651"><subfield code="a">Colorado</subfield><subfield code="z">Kit Carson County.</subfield><subfield code="2">fast</subfield><subfield code="0">(OCoLC)fst01212945</subfield></datafield><datafield ind1=" " ind2=" " tag="752"><subfield code="a">United States</subfield><subfield code="b">Colorado</subfield><subfield code="c">Kit Carson</subfield><subfield code="d">Burlington.</subfield></datafield><datafield ind1="0" ind2="5" tag="780"><subfield code="t">Burlington call</subfield><subfield code="w">(DLC)sn 90051594</subfield></datafield></record>